<?xml version="1.0" encoding="UTF-8"?><collection xmlns="http://www.loc.gov/MARC21/slim"><record><leader>00589nam--2200193-i-4500</leader><controlfield tag="001">000019023</controlfield><controlfield tag="002">20161230</controlfield><controlfield tag="005">20161230201033</controlfield><controlfield tag="008">060222s1000------------r-----000-0-eng-d</controlfield><datafield ind1=" " ind2=" " tag="040"><subfield code="a">IFIN-HH</subfield></datafield><datafield ind1=" " ind2=" " tag="080"><subfield code="a">539.126</subfield></datafield><datafield ind1="1" ind2=" " tag="100"><subfield code="a">Eliezer, Shalom</subfield></datafield><datafield ind1=" " ind2=" " tag="245"><subfield code="a">Like pion spectra and nonlinear effects in k -3pi decays</subfield><subfield code="c">Shalom eliezer, paul singer</subfield></datafield><datafield ind1=" " ind2=" " tag="260"><subfield code="a">Helsinki</subfield><subfield code="b">Reasearch Institute For Theoretical Physics</subfield><subfield code="c">1967</subfield></datafield><datafield ind1=" " ind2=" " tag="300"><subfield code="a">17 P. + 9 FIG</subfield></datafield><datafield ind1=" " ind2=" " tag="490"><subfield code="a">Preprint Series In Theoretical Physics</subfield></datafield><datafield ind1="1" ind2=" " tag="700"><subfield code="a">Singer, Paul</subfield></datafield><datafield ind1=" " ind2=" " tag="852"><subfield code="a">27675</subfield><subfield code="c">539.12</subfield></datafield><datafield ind1=" " ind2=" " tag="CAT"><subfield code="a">Sys</subfield><subfield code="c">20111115</subfield><subfield code="h">154241</subfield></datafield></record></collection>